@inproceedings{Karim:2017,
  author    = {Md. Rejaul Karim and
               Akinori Ihara and
               Xin Yang and
               Hajimu Iida and
               Kenichi Matsumoto},
  title     = {Understanding Key Features of High-Impact Bug Reports},
  booktitle = {International Workshop on Empirical Software Engineering in Practice},
  series = {IWESEP},
  year      = {2017}
}

@inproceedings{Bettenburg:2008,
 author = {Bettenburg, Nicolas and Just, Sascha and Schroter, Adrian and Weiss, Cathrin and Premraj, Rahul and Zimmermann, Thomas},
 title = {What Makes a Good Bug Report?},
 booktitle = {16th ACM SIGSOFT International Symposium on Foundations of Software Engineering},
 series = {, SIGSOFT '08/FSE-16},
 year = {2008}
} 
@inproceedings{Bettenburg:20082,
 author = {Bettenburg, Nicolas and Premraj, Rahul and Zimmermann, Thomas and Kim, Sunghun},
 title = {Extracting Structural Information from Bug Reports},
 booktitle = {2008 International Working Conference on Mining Software Repositories},
 series = {MSR '08},
 year = {2008}
} 
@article{Zimmermann:2010,
author = {Zimmermann,Thomas and Premraj,Rahul  and Bettenburg, Nicolas  and Just, Sascha  and Schroter, Adrian and Weiss,Cathrin},
title = {What Makes a Good Bug Report?},
journal = {IEEE Transactions on Software Engineering},
volume = {36},
number = {5},
year = {2010}
}

@inproceedings{Davies:2014,
 author = {Davies, Steven and Roper, Marc},
 title = {What's in a Bug Report?},
  booktitle = {8th ACM/IEEE International Symposium on       Empirical Software Engineering and Measurement},
series = {ESEM '14},
 year = {2014}
} 


@inproceedings{Ohira:2015,
 author = {Ohira, Masao and Kashiwa, Yutaro and Yamatani, Yosuke and Yoshiyuki, Hayato and Maeda, Yoshiya and Limsettho, Nachai and Fujino, Keisuke and Hata, Hideaki and Ihara, Akinori and Matsumoto, Kenichi},
 title = {A Dataset of High Impact Bugs: Manually-classified Issue Reports},
 booktitle = {12th Working Conference on Mining Software Repositories},
 series = {MSR '15},
 year = {2015}

}  

@inproceedings{Ohira:2012,
 author = {Ohira, Masao and Hassan,Ahmed E.  and Osawa, Naoya  and Matsumoto, Kenichi},
 title = {The Impact of Bug Management Patterns on Bug Fixing: A Case Study of Eclipse Projects},
 booktitle = {28th IEEE International Conference on Software Maintenance},
 series = {ICSM '12},
 year = {2012}

} 
@inproceedings{Kashiwa:2014,
 author = {Kashiwa, Yutaro and Yoshiyuki, Hayato and Kukita, Yusuke and Ohira, Masao},
 title = {A Pilot Study of Diversity in High Impact Bugs},
 booktitle = {30th International Conference on Software        Maintenance and Evolution},
series = {ICSME '14},
year = {2014}
}  

@inproceedings{Lovins:2014,
 author = {Julie Beth, Lovins},
 title = {Development of a Stemming Algorithm},
 journal = {Mechanical Translation and Computational Linguistics},
 volume = {11}, 
 number = {1},
 year = {1968}
}  

@article{Boehm:2001,
 author = {Boehm, Barry and Basili, Victor R.},
 title = {Software Defect Reduction},
 journal = {IEEE Computer Innovative Technology for Computer Professions},
 volume = {34},
 number = {1},
 year = {2001}

} 

@inproceedings{Hooimeijer:2007,
 author = {Hooimeijer, Pieter and Weimer, Westley},
 title = {Modeling Bug Report Quality},
 booktitle = {Twenty-second IEEE/ACM International Conference on Automated Software Engineering},
 series = {ASE '07},
 year = {2007}

}

@inproceedings{Breu:2010,
 author = {Breu, Silvia and Premraj, Rahul and Sillito, Jonathan and Zimmermann, Thomas},
 title = {Information Needs in Bug Reports: Improving Cooperation Between Developers and Users},
 booktitle = {2010 ACM Conference on Computer Supported Cooperative Work},
 series = {CSCW '10},
 year = {2010}

} 

@inproceedings{Bhattacharya:2013,
 author = {Bhattacharya, Pamela and Ulanova, Liudmila and Neamtiu, Iulian and Koduru, Sai Charan},
 title = {An Empirical Analysis of Bug Reports and Bug Fixing in Open Source Android Apps},
 booktitle = {2013 17th European Conference on Software Maintenance and Reengineering},
 series = {CSMR '13},
 year = {2013}
 
} 
@inproceedings{Zaman:2011,
 author = {Zaman, Shahed and Adams, Bram and Hassan, Ahmed E.},
 title = {Security Versus Performance Bugs: A Case Study on Firefox},
 booktitle = {8th Working Conference on Mining Software Repositories},
 series = {MSR '11},
 year = {2011}
}
 
@inproceedings{Gegick:2010,
 author = {Gegick, Michael and Rotella, Pete and Xie, Tao },
 title = {Identifying Security Bug Reports via Text Mining: An Industrial Case Study},
 booktitle = {7th Working Conference on Mining Software Repositories},
 series = {MSR '10},
 year = {2010}
}  

@inproceedings{Nistor:2013,
 author = {Nistor, Adrian and Jiang, Tian and Tan, Lin},
 title = {Discovering, Reporting, and Fixing Performance Bugs},
 booktitle = {10th Working Conference on Mining Software Repositories},
 series = {MSR '13},
 year = {2013}
}

@inproceedings{Aranda:2009,
 author = {Aranda, Jorge and Venolia, Gina},
 title = {The Secret Life of Bugs: Going Past the Errors and Omissions in Software Repositories},
 booktitle = {31st International Conference on Software Engineering},
 series = {ICSE '09},
 year = {2009}
} 

@inproceedings{Just:2008,
 author = {Just, Sascha and Premraj,Rahul and Zimmermann, Thomas},
 title = {Towards the Next Generation of Bug Tracking Systems},
 booktitle = {IEEE Symposium on Visual Languages and Human-Centric Computing (VL/HCC},
 series = {ICSE '09},
 year = {2008}
} 

@inproceedings{Zimmermann:2012,
 author = {Zimmermann, Thomas and Nagappan, Nachiappan and Guo, Philip J. and Murphy, Brendan},
 title = {Characterizing and Predicting Which Bugs Get Reopened},
 booktitle = {34th International Conference on Software Engineering },
 series = {ICSE '12},
 year = {2012}
} 

@inproceedings{Guo:2010,
 author = {Guo, Philip J. and Zimmermann, Thomas and Nagappan, Nachiappan and Murphy, Brendan},
 title = {Characterizing and Predicting Which Bugs Get Fixed: An Empirical Study of Microsoft Windows},
 booktitle = {32Nd ACM/IEEE International Conference on Software Engineering - Volume 1},
 series = {ICSE '10},
 year = {2010}
} 

@inproceedings{Schroter:2010,
 author = {Schroter, Adrian and Bettenburg, Nicolas and Premraj, Rahul},
 title = {Do Stack Traces Help Developers Fix Bugs?},
 booktitle = {7th IEEE Working Conference on Mining Software Repositories},
 series = {MSR '10},
 year = {2010}
} 
 
@inproceedings{Shihab:2011,
 author = {Shihab, Emad and Mockus, Audris and Kamei, Yasutaka and Adams, Bram and Hassan, Ahmed E.},
 title = {High-impact Defects: A Study of Breakage and Surprise Defects},
 booktitle = {19th ACM SIGSOFT Symposium and the 13th European Conference on Foundations of Software Engineering},
 series = {ESEC/FSE '11},
 year = {2011}
} 

@article{XiaEL:2015,
 author={Xin, Xia and David, Lo and Emad, Shihab and Xinyu, Wang and Xiaohu, Yang},  
 title={ELBlocker: Predicting Blocking Bugs with Ensemble Imbalance Learning},
  journal={Information and Software Technology},
  volume = {61},
  year={2015}
}
@inproceedings{Chen:2014,
 author = {Chen, Tse-Hsun and Nagappan, Meiyappan and Shihab, Emad and Hassan, Ahmed E.},
 title = {An Empirical Study of Dormant Bugs},
 booktitle = {11th Working Conference on Mining Software Repositories},
 series = {MSR '14},
 year = {2014}
} 

@inproceedings{Shihab:2010,
 author = {Shihab, Emad and Ihara, Akinori and Kamei,Yasutaka and Ibrahim, Walid},
 title = {Predicting Re-opened Bugs: A Case Study on the Eclipse Project},
 booktitle = {17th Working Conference on Reverse Engineering},
 series = {WCRE '10},
 year = {2010}
 }
 
@inproceedings{Nguyen:2012,
 author = {Nguyen, Anh Tuan and Nguyen, Tung Thanh and Nguyen, Tien N and Lo, David and Sun, Chengnian},
 title = {Duplicate Bug Report Detection with a Combination of Information Retrieval and Topic Modeling},
 booktitle = {27th IEEE/ACM International Conference on Automated Software Engineering},
 series = {ASE '12},
 year = {2012}
} 

@inproceedings{Sun:2010,
author = {Sun, Chengnian and Lo, David and Wang, Xiaoyin and Jiang, Jing and Khoo, Cheng},
title = {A Discriminative Model Approach for Accurate Duplicate Bug Report Retrieval},
booktitle = {32Nd ACM/IEEE International Conference on Software Engineering},
series = {ICSE '10},
year = {2010}
}  

@inproceedings{Tian:2012,
 author = {Tian, Yuan and Sun, Chengnian and Lo, David},
 title = {Improved Duplicate Bug Report Identification},
 booktitle = {16th European Conference on Software Maintenance and Reengineering},
 series = {CSMR '12},
 year = {2012}
} 

@inproceedings{ValdiviaGarcia:2014,
 author = {Valdivia Garcia, Harold and Shihab, Emad},
 title = {Characterizing and Predicting Blocking Bugs in Open Source Projects},
 booktitle = {11th Working Conference on Mining Software Repositories},
 series = {MSR '14},
 year = {2014}
} 

@inproceedings{Rocha:2016,
 author = {Rocha, Henrique and Valente, Marco and Marques-Neto, Humberto and Murphy,Gail C.},
 title = {An Empirical Study on Recommendations of Similar Bugs},
 booktitle = {23rd IEEE International Conference on Software Analysis, Evolution, and Reengineering},
 series = {SANER '16},
 year = {2016}
} 
@inproceedings{Ko:2006,
 author = {Ko, Andrew J. and Myers, Brad A. and Chau, Duen Horng},
 title = {A Linguistic Analysis of How People Describe Software Problems},
 booktitle = {Visual Languages and Human-Centric Computing},
 series = {VLHCC '06},
 year = {2006}
} 
@inproceedings{Anvik:2006,
 author = {Anvik, John and Hiew, Lyndon and Murphy, Gail C.},
 title = {Who Should Fix This Bug?},
 booktitle = {28th International Conference on Software Engineering},
 series = {ICSE '06},
 year = {2006}
 
} 

@inproceedings{Canfora:2006,
 author = {Canfora, Gerardo and Cerulo, Luigi},
 title = {Fine Grained Indexing of Software Repositories to Support Impact Analysis},
 booktitle = {2006 International Workshop on Mining Software Repositories},
 series = {MSR '06},
 year = {2006}

} 

@inproceedings{Zhou:2012,
 author = {Zhou, Jian and Zhang, Hongyu and Lo, David},
 title = {Where Should the Bugs Be Fixed? - More Accurate Information Retrieval-based Bug Localization Based on Bug Reports},
 booktitle = {34th International Conference on Software Engineering},
 series = {ICSE '12},
 year = {2012}
} 


@article{Runeson:2009,
 author = {Runeson, Per and H\"{o}st, Martin},
 title = {Guidelines for Conducting and Reporting Case Study Research in Software Engineering},
 journal = {Empirical Software  Engineering},
 issue_date = {April     2009},
 volume = {14},
 number = {2},
 month = {apr},
 year = {2009}
 
} 


@book{Molyneaux:2009,
 author = {Molyneaux, Ian},
 title = {The Art of Application Performance Testing: Help for Programmers and Quality Assurance},
 year = {2009},
 isbn = {0596520662, 9780596520663},
 edition = {1st},
 publisher = {O'Reilly Media, Inc.}
}
@book{Han:2006,
 author = {Han, Jiawei and Kamber, Micheline},
 title = {Data Mining: Concepts and Techniques},
 year = {2009},
 publisher = {O'Reilly Media, Inc.}
}  
@inproceedings{Weiss:2007,
 author = {Weiss, Cathrin and Premraj, Rahul and Zimmermann, Thomas and Zeller, Andreas},
 title = {How Long Will It Take to Fix This Bug?},
 booktitle = {Fourth International Workshop on Mining Software Repositories},
 series = {MSR '09},
 year = {2009}
} 

@inproceedings{Xia:2007,
 author = {Xia, Xin and Lo, David and Wang, Xinyu and Zhou, Bo},
 title = {Accurate Developer Recommendation for Bug Resolution},
 booktitle = {20th Working Conference on Reverse Engineering (WCRE)},
 series = {WCRW '13},
 year = {2013}
} 

@inproceedings{Xia:2014,
 author = {Xia, Xin and Lo, David and Qiu,Weiwei and Wang, Xingen and Zhou,Bo},
 title = {Automated Configuration Bug Report Prediction
Using Text Mining},
 booktitle = {IEEE 38th Annual International Computers, Software and Applications Conference},
 series = {COMPSAC '14},
 year = {2014}
} 


@inproceedings{Cubranic:2004,
 author = {Davor Cubranic},
 title = {Automatic bug triage using text categorization},
 booktitle = {Sixteenth International Conference on Software Engineering and Knowledge Engineering},
 series = {SEKE '04},
 year = {2004}
} 

@inproceedings{Kamei:2007,
  title={The Effects of Over and Under Sampling on Fault-prone Module Detection},
  author={Yasutaka Kamei and Akito Monden and Shinsuke Matsumoto and Takeshi Kakimoto and Ken-ichi Matsumoto},
 booktitle={First International Symposium on Empirical Software Engineering and Measurement (ESEM 2007)},
 series={ESEM '07},
  year={2007}
}

@inproceedings{Tian:2014,
  title={Automated Construction of a Software-Specific Word Similarity Database},
  author={Tian, Yuan and Lo, David and Lawall, Julia},
 booktitle={IEEE CSMR-WCRE, 2014},
 series={CSMR-WCRE '14},
  year={2014}
}

@inproceedings{Ghotra:2017,
 author = {Ghotra, Baljinder and Mcintosh, Shane and Hassan, Ahmed E.},
 title = {A Large-scale Study of the Impact of Feature Selection Techniques on Defect Classification Models},
 booktitle = {14th International Conference on Mining Software Repositories},
 series = {MSR '17},
 year = {2017}
}


@inproceedings{Zhang:2017,
 author = {Zhang, Tao and Chen, Jiachi and Jiang, He and Luo, Xiapu and Xia, Xin},
 title = {Bug Report Enrichment with Application of Automated Fixer Recommendation},
 booktitle = {25th International Conference on Program Comprehension},
 series = {ICPC '17},
 year = {2017}
} 

@inproceedings{ErfaniJoorabchi:2014,
 author = {Erfani Joorabchi, Mona and Mirzaaghaei, Mehdi and Mesbah, Ali},
 title = {Works for Me! Characterizing Non-reproducible Bug Reports},
 booktitle = {11th Working Conference on Mining Software Repositories},
 series = {MSR '14},
 year = {2014}
 } 

@inproceedings{Chaparro:2017,
 author = {Chaparro, Oscar and Lu, Jing and Zampetti, Fiorella and Moreno, Laura and Di Penta, Massimiliano and Marcus, Andrian and Bavota, Gabriele and Ng, Vincent},
 title = {Detecting Missing Information in Bug Descriptions},
 booktitle = {2017 11th Joint Meeting on Foundations of Software Engineering},
 series = {ESEC/FSE '17},
 year = {2017}
} 


@article{Kim:2013,
 author = {Kim, Dongsun and Tao, Yida and Kim, Sunghun and Zeller, Andreas},
 title = {Where Should We Fix This Bug? A Two-Phase Recommendation Model},
 journal = {IEEE Trans. Softw. Eng.},
  volume = {39}, 
 number = {11},
 month = {nov},
 year = {2013}
} 
@article{XiaJ:2015,
 author = {Xia, Xin and Lo, David and Shihab, Emad and Wang, Xinyu},
 title = {Automated Bug Report Field Reassignment
and Refinement Prediction},
 journal = {IEEE Trans. on Reliability},
  volume = {65}, 
 number = {3},
 year = {2015}
} 

@article{McCallum:2013,
  author={McCallum,Andrew and Nigam,Kamal},
 title = {A Comparison of Event Models for Naive Bayes Text Classification},
 journal = {in AAAI-98 Workshop on Learning for Text Categorization},
  volume = {752}, 
 year = {1998}
} 

@article{Wang:2013,
  title={Using Class Imbalance Learning for Software Defect Prediction},
  author={Shuo Wang and Xin Yao},
  journal={IEEE Trans. Reliability},
  volume={62},
  year={2013}
}

@article{Chawla:2002,
  title={SMOTE: Synthetic Minority Over-sampling Technique},
  author={Chawla,Nitesh V. and  Bowyer,Kevin W.and Hall,Lawrence O. and Kegelmeyer, W. Philip },
  journal={Artificial Intelligence Research},
  year={2002},
  volume={16}
}

@article{Yang:2002,
  title={High-Impact Bug Report Identification with Imbalanced Learning
Strategies},
  author={Yang,Xin-Li and Lo,David and Xia,Xin and Huang, Qiao and Sun, Jian-Ling},
  journal={Computer Science and Technology},
  year={2017},
  volume={32}
}

@article{Wu:2007,
 author = {Wu, Xindong and Kumar, Vipin and Ross Quinlan, J. and Ghosh, Joydeep and Yang, Qiang and Motoda, Hiroshi and McLachlan, Geoffrey J. and Ng, Angus and Liu, Bing and Yu, Philip S. and Zhou, Zhi-Hua and Steinbach, Michael and Hand, David J. and Steinberg, Dan},
 title = {Top 10 Algorithms in Data Mining},
 journal = {Knowl. Inf. Syst.},
 volume = {14},
 number = {1},
 year = {2007}
}

@Article{Rocha:2015,
author={Rocha, Henrique
and Oliveira, Guilherme de
and Marques-Neto, Humberto
and Valente, Marco Tulio},
title={NextBug: a Bugzilla extension for recommending similar bugs},
journal={Journal of Software Engineering Research and Development},
volume={3},
number={1},
year={2015}
}

@article{Laukkanen:2011,
  author={Eero I. Laukkanen and Mika M{\"a}ntyl{\"a}},
  title={Survey Reproduction of Defect Reporting in Industrial Software Development},
  booktitle={International Symposium on Empirical Software Engineering and Measurement},
  series={ESEM '11},
  year={2011}
  
}

@inproceedings{Yusop:2016,
 author = {Yusop, Nor Shahida Mohamad and Grundy, John and Vasa, Rajesh},
 title = {Reporting Usability Defects: Do Reporters Report What Software Developers Need?},
 booktitle = {20th International Conference on Evaluation and Assessment in Software Engineering},
 series = {EASE '16},
 year = {2016}
 }
@inproceedings{Wang:2012,
 author = {Wang, Sida and Manning, Christopher D},
 title = {Baselines and Bigrams: Simple, Good Sentiment and Topic Classification},
 booktitle = {50th Annual Meeting of the Association for Computational Linguistics: Short Papers - Volume 2},
 series = {ACL '12},
 year = {2012}
}  
@inproceedings{Rennie:2003,
 author = {Rennie, Jason D. M. and Shih, Lawrence and Teevan, Jaime and Karger, David R},
 title = {Tackling the Poor Assumptions of Naive Bayes Text Classifiers},
 booktitle = {Twentieth International Conference on International Conference on Machine Learning},
 series = {ICML '03},
 year = {2003}
} 
@inproceedings{Sasso:2016,
author = {Dal Sasso, Tommaso and Mocci, Andrea and Lanza, Michele},
title = {What Makes a Satisficing Bug Report?},
booktitle = {IEEE International Conference on Software Quality, Reliability and Security (QRS)},
series = {QRS '16},
year = {2016}
}
@inproceedings{Wang:2008,
 author = {Wang, Xiaoyin and Zhang, Lu and Xie, Tao and Anvik, John and Sun, Jiasu},
 title = {An Approach to Detecting Duplicate Bug Reports Using Natural Language and Execution Information},
 booktitle = {30th International Conference on Software Engineering},
 series = {ICSE '08},
 year = {2008}
} 
@Article{Hall:1999,
author={M. A.,Hall},
title={Correlation-based feature selection for machine learning. },
journal={PhD thesis},
year={1999}
}

@article{Minghui:2015,
author = {Zhou, Minghui and Mockus, Audris},
title = {Who Will Stay in the FLOSS Community? Modeling Participants' Initial Behavior},
journal={IEEE Transactions on Software Engineering},
volume = {41},
year = {2015}
}
@Article{Russel:1999,
author={Russell J., Stuart and Norvig, Peter},
title={Artificial Intelligence: A Modern Approach (2nd)},
journal={Artificial Intelligence and Machine Learning Book},
year={2003}
}

@Misc{Likert:1932,
	author =	"Likert Rensis",
	title =		"A technique for the measurement of attitudes",
	series={Archives of psychology},
	 year = {1932}
	}

@Misc{Spolsky:2000,
	author =	"Joel Spolsky",
	title =		"Joel on Software blog",
	organization =	"FogBUGZ",
	url =	"http://www.joelonsoftware.com/news/fog0000000162.html",
	refdate =	"2000-011-22"
	}
@Misc{github:2016,
	title =		"An open letter to GitHub from the maintainers of open source projects. Available online: https://github.com/dear-github/dear-github",
	year =	{2016}
	}